
@Misc{www-collectd,
  title        = {collectd - The system statistics collection daemon},
  howpublished = {Web Page},
  note         = {Accessed: 2017-02-26},
  owner        = {S17-IO-3005, S17-IO-3000},
  url          = {https://collectd.org/},
}

@Misc{www-spark-python,
  title        = {{Spark Python API (PySpark)}},
  howpublished = {Web Page},
  note         = {Accessed: 2017-02-26},
  owner        = {S17-IO-3005, S17-IO-3000},
  url          = {https://spark.apache.org/docs/0.9.1/python-programming-guide.html},
}

@Misc{www-sparkml,
  title        = {Spark ML Programming Guide},
  howpublished = {Web Page},
  note         = {Accessed: 2017-02-26},
  owner        = {S17-IO-3005, S17-IO-3000},
  url          = {https://spark.apache.org/docs/1.2.2/ml-guide.html},
}

@Misc{www-word2vec,
  title        = {{Word2Vec}, learning vector representation of words},
  howpublished = {Web Page},
  note         = {Accessed: 2017-02-26},
  owner        = {S17-IO-3005, S17-IO-3000},
  url          = {https://en.wikipedia.org/wiki/Word2vec},
}
@Misc{www-ansible,
  title        = {{Ansible}, Deploy apps. Manage systems. Crush complexity},
  howpublished = {Web Page},
  note         = {Accessed: 2017-02-26},
  owner        = {S17-IO-3005, S17-IO-3000},
  url          = {https://www.ansible.com/},
}
